@online{GPS,
    author    = {U. S. {Space Force}},
    title     = "GPS: The Global Positioning System",
    year      = 2022,
    url       = "https://www.gps.gov/",
    addendum  = "[Accessed: 9-Mar-2022]"
}
